101 050000010 06910191020020411283094101COELSA.                BCO.CREDICOOP COOP. LTD       0
5200                                              TRCCHEQUESREC2002042002040001069100010000001
82000000000000000000000000000000000000000000                                   069100010000001
9000001000001000000000000000000000000000000000000000000                                      0
