101 000000010 01910191020020411282094101COELSA.                BCO.CREDICOOP COOP. LTD       0
5200                                              TRCCHEQUESREC2002042002140001019100010000001
82000000000000000000000000000000000000000000                                   019100010000001
9000001000001000000000000000000000000000000000000000000                                      0
