101 000000010 01910191020020411283094101COELSA.                BCO.CREDICOOP COOP. LTD       0
5200                                              TRCCHEQUESREC2002042002040001019100010000001
6260015039900000001051044537601522792040000000618171340010030000            001019100019000003
799R06001503990033422      01910001                                            019100019000003
6260015039900000001821045280400171360000000000557572480010030000            001019100019000004
799R03001503990035857      01910001                                            019100019000004
6260072000000000001991050012100190516410000000390378840010030000            001019100019000006
799R10007200000304342      01910001                                            019100019000006
6260072000000000001411068620900050000000000000554679620010030000            001019100019000007
799R06007200000304351      01910001                                            019100019000007
6260150062300000001221019718500070225480000000377379900010030000            001019100019000009
799R10015006234901898      01910001                                            019100019000009
6260029000100000001931003592600132112300000000950283490010030000            001019100019000010
799R01002900010681397      01910001                                            019100019000010
6260007095200000001441003592600050000000000000950283330010030000            001019100019000016
799R33000709529294645      01910001                                            019100019000016
6260007095200000000073012475500016940000000000200019050046000000            021019100739000014
799R01000709520103476      01910073                                            019100739000014
6260007095200000000119010942900026782180000000200017370010840000            021019101199000012
799R21000709520103447      01910119                                            019101199000012
6260007095200000000127001605400058903400000000100057630080000000            021019101279000013
799R08000709520103467      01910127                                            019101279000013
6260285076000000000190001797800071707700000000400268850028200000            001019102179000001
799R82028507605672139      01910217                                            019102179000001
6260315010000000001320022313800050000000000000572986720035000000            001019103759000002
799R82031501000006282      01910375                                            019103759000002
6260016039900000007777777777700767457200000000103114060021700000            001019103819000011
799R83001603990048516      01910381                                            019103819000011
6260007095200000007777777777700636634640000000103113290021700000            001019103819000015
799R83000709529288146      01910381                                            019103819000015
6260431099800000008888888888800333000000000000888888880021520000            011019108889000005
799R44043109980002054      01910888                                            019108889000005
6260150002200000008888888888800180756360000000888888880010000000            011019108889000008
799R44015000224801227      01910888                                            019108889000008
82000000320015858461000432918771000000000000                                   019100010000001
9000001000004000000320015858461000432918771000000000000                                      0
