101 000000010 01910191020020411281094101COELSA.                BCO.CREDICOOP COOP. LTD       0
5200                                              TRCREVERSAL  2002042002040001019100010000001
62200720386000000000003533219000250000000000003860077400540200000047        000019100630000002
62202770000000000000000001430000620000000000003050350500103600000047        000019102740000001
62200140355000000006657156246001737810000000006414368300623000000047        000019102830000001
62200110588000000005880023901000978225400000000000017100212400000036        000019103400000003
62202850353000000009416963385000180000000000009242119200300000000016        000019103400000007
62200140009000000004009091556000095000000000005499494900119400000049        000019106030000001
62200170140000000021400027936000034700000000000038373500185200000049        000019106030000006
62200070078000000000000139045000250000000000004766521600760000000049        000019106030000042
62203300555000000000013265209000100000000000007807746000355000000049        000019106030000043
62200270004000000000710103001000162875900000009130256500160900000047        000019107020000001
62200170461000000024610003608000313591200000000160114200165000000081        000019107020000002
62200110079000000000022847847000323408700000000000445500160900000081        000019107020000003
62200650000000000002000083528000117770600000001099309900200000000047        000019107020000026
62200830017000000000205372001001100000000000001630926100910000000083        000019107020000054
82000000140012303025000000000000000062633818                                   019100010000001
9000001000002000000140012303025000000000000000062633818                                      0
