101 069101910 0500000102002071808Q094101CREDICOP              1COEL S.A.                     0
5200                                    0000000000TRC          2002062002070001069101910000001
82000000000000000000000000000000000000000000                                   069101910000001
9000001000001000000000000000000000000000000000000000000                                      0
