101 019101910 0000000102002071808C094101CREDICOP              1COEL S.A.                     0
5200                                              TRCREVERSAL  2002062002070001028502850000002
62203110019000000013310294831000465740000000005584425900100300000800        000031100190018970
62200110012000000010110149452029221151900000002000337500100300001000        000001100124001022
62200140010000000012110452804020836605100000005575723500100300001100        000001400105224613
62200150699000000013910945524000566182500000006191316200100300000100        000001506990005211
62200140052000000014400449125000455000000000000454998300100300001100        000001400525231269
62200150699000000019310448832000600000000000003893896100100300008300        000001506990014672
62200150699000000014310239564009676152300000003713283200100300009600        000001506990022755
62200070952000000014110294299002000000000000006182790500100300003300        000000709529386222
62200110600000000017310348644000441064400000006082307100100300004900        000001106004015772
62204320000000000017710103245001701000000000005573637500100300003600        000043200003000009
62204320000000000019910103245001197000000000005573637300100300000100        000043200003000010
62204320000000000013410103245000727843100000005573639200100300001000        000043200003000013
62203380000000000018510636006000800000000000003934959600100300001100        000033800000251819
62200720000000000000010477030000016743500000001000365800100300009700        000007200000430472
62201500623000000019511073664000500000000000003874742900100300001600        000015006234804508
6260027006600000000038169200100010616030000000418489890055000000            001007202370095014
799R01019101130000001      00270066                                            007202370095014
6260011019000000000190410139500009995000000000016298190021700000            001007202610095015
799R08019102720000001      00110190                                            007202610095015
6260072056700000000000351951200050000000000000567001820054060000            001007202610095015
799R08019102720000001      00110190                                            007202610095015
6260014003100000000509518482300009786000000000747966590016460000            001007203370095019
799R81019102930000001      00140031                                            007203370095019
6260011065000000000650001025400053360000000000000751960035610000            011007200000095037
799R33019103450000001      00110650                                            007200000095037
6260285031000000000941926446900025778000000000115845690030000000            001008300020049497
799R81019103690000001      02850310                                            008300020049497
6260093030400000005800081352500002000000000000329227340063300000            001008300170049494
799R81019104160000004      00930304                                            008300170049494
6260011031300000000313002359300003000000000000070131640026700000            001008300170049505
799R93019104940000001      00110313                                            008300170049505
6260007017600000000000010873500003000000000000541125210058000000            001008300210049498
799R11019104940000002      00070176                                            008300210049498
82000000240045844733000000000000000083875313                                   028502850000002
9000064000192000017811874315503003399086856002172843477                                      0
