101 069101910 0500000102002071808N094101CREDICOP               COELSA                        0
5200                                    0000000000TRC          2002062002070001069101910000001
6260520041300000000000400015000006000000000000183612850061250000            001003400100000002
799R49069106030000044      05200413                                            003400100000002
6260520042400000000000400066200009926780000000208470250061400000            001003400240000013
799R83069106030000045      05200424                                            003400240000013
6260520036200000000000000054300004833000000000200609620025870000            001003400290000016
799R11069106030000046      05200362                                            003400290000016
82000000000000000000000000000000000000000000                                   069101910000001
9000001000001000000000000000000000000000000000000000000                                      0
