101 019101910 0000000102002041808C094101CREDICOP              1COEL S.A.                     0
5200                                              TRCREVERSAL  2002032002040001028502850000002
62201910001000000010510445376015227920400000006181713400100300004900        000001503990033422
62201910001000000018210452804001713600000000005575724800100300009600        000001503990035857
62201910001000000019910500121001905164100000003903788400100300001000        000007200000304342
62201910001000000014110686209000500000000000005546796200100300004900        000007200000304351
62201910001000000012210197185000702254800000003773799000100300001000        000015006234901898
62201910001000000019310035926001321123000000009502834900100300003300        000002900010681397
62201910001000000014410035926000500000000000009502833300100300000100        000000709529294645
62201910073000000000730124755000169400000000002000190500460000001100        000000709520103476
62201910119000000001190109429000267821800000002000173700108400002100        000000709520103447
62201910127000000001270016054000589034000000001000576300800000001100        000000709520103467
62201910217000000001900017978000717077000000004002688500282000009700        000028507605672139
62201910375000000013200223138000500000000000005729867200350000009700        000031501000006282
62201910381000000077777777777007674572000000001031140600217000008300        000001603990048516
62201910381000000077777777777006366346400000001031132900217000008300        000000709529288146
62201910888000000088888888888003330000000000008888888800215200000100        000043109980002054
62201910888000000088888888888001807563600000008888888800100000001100        000015000224801227
82000000240045844733000000000000000083875313                                   028502850000002
5200                                              TRCCH.RECH.  2002032002040001007200010000003
6260072038600000000000353321900025000000000000386007740054020000            001007202370095014
799R81019100630000002      00720386                                            007202370095014
6260277000000000000000000143000062000000000000305035050010360000            001007202610095015
799R93019102740000001      02770000                                            007202610095015
6260014035500000000665715624600173781000000000641436830062300000            001007203370095018
799R81019102830000001      00140355                                            007203370095018
6260011058800000000588002390100097822540000000000001710021240000            001007203370095019
799R01019103400000003      00110588                                            007203370095019
6260285035300000000941696338500018000000000000924211920030000000            011007200000095037
799R16019103400000007      02850353                                            007200000095037
6260014000900000000400909155600009500000000000549949490011940000            001008300020049497
799R49019106030000001      00140009                                            008300020049497
6260017014000000002140002793600003470000000000003837350018520000            001008300170049494
799R49019106030000006      00170140                                            008300170049494
6260007007800000000000013904500025000000000000476652160076000000            001008300170049505
799R49019106030000042      00070078                                            008300170049505
6260330055500000000001326520900010000000000000780774600035500000            001008300210049498
799R11019106030000043      03300555                                            008300210049498
6260027000400000000071010300100016287590000000913025650016090000            001008300210049509
799R93019107020000001      00270004                                            008300210049509
6260017046100000002461000360800031359120000000016011420016500000            001008300300049499
799R81019107020000002      00170461                                            008300300049499
6260011007900000000002284784700032340870000000000044550016090000            001009700012905376
799R81019107020000003      00110079                                            009700012905376
6260065000000000000200008352800011777060000000109930990020000000            001009700022905378
799R81019107020000026      00650000                                            009700022905378
6260083001700000000020537200100110000000000000163092610091000000            001009700032905379
799R83019107020000054      00830017                                            009700032905379
82000000100009553600000025972166000000000000                                   007200010000003
9000064000192000017811874315503003399086856002172843477                                      0
