101 069101910 0500000102002041808N094101CREDICOP               COELSA                        0
5200                                    0000000000TRC          2002032002040001069101910000001
82000000000000000000000000000000000000000000                                   069101910000001
9000001000001000000000000000000000000000000000000000000                                      0
