101 019101910 0000000102002041808I094101CREDICOP              1COEL S.A.                     0
5200                                    0000000000TRC          2002032002040001019101910000001
82000000000000000000000000000000000000000000                                   019101910000001
9000001000001000000000000000000000000000000000000000000                                      0
